@STRING{AAAI15 = {Proceedings of the Twenty-Ninth AAAI Conference on Artificial Intelligence}}
@STRING{CVPR = {Proceedings of the IEEE Conference on Computer Vision and Pattern Recognition}}
@STRING{ICCV = {Proceedings of the IEEE International Conference on Computer Vision}}
@STRING{BMVC = {Proceedings of the British Machine Vision Conference}}
@STRING{NIPS = {Advances in Neural Information Processing Systems}}
@STRING{ECCV = {The European Conference on Computer Vision (ECCV)}}
@STRING{ACCV = {Proceedings of the Asian Conference on Computer Vision}}
@STRING{CVPRW = {Proceedings of the Computer Vision and Pattern Recognition Workshops}}
@STRING{ICML = {Proceedings of the International Conference on Machine Learning}}
@STRING{ICPR = {Proceedings of the International Conference on Pattern Recognition}}
@STRING{IROS = {proceedings of IEEE/RSJ International Conference on Intelligent Robots and Systems}}
@STRING{ICRA = {proceedings of IEEE International Conference on Robotics and Automation}}
@STRING{IJRR = {The International Journal of Robotics Research}}
@STRING{IJCV = {International Journal of Computer Vision}}

@inproceedings{stenborg2018long,
  title={Long-term visual localization using semantically segmented images},
  author={Stenborg, Erik and Toft, Carl and Hammarstrand, Lars},
  booktitle={2018 IEEE international conference on robotics and automation (ICRA)},
  pages={6484--6490},
  year={2018},
  organization={IEEE}
}
@inproceedings{larsson2019fine,
  title={Fine-grained segmentation networks: Self-supervised segmentation for improved long-term visual localization},
  author={Larsson, Mans and Stenborg, Erik and Toft, Carl and Hammarstrand, Lars and Sattler, Torsten and Kahl, Fredrik},
  booktitle={Proceedings of the IEEE/CVF International Conference on Computer Vision},
  pages={31--41},
  year={2019}
}
@article{qian2022pocd,
  title={POCD: Probabilistic Object-Level Change Detection and Volumetric Mapping in Semi-Static Scenes},
  author={Qian, Jingxing and Chatrath, Veronica and Yang, Jun and Servos, James and Schoellig, Angela P and Waslander, Steven L},
  journal={arXiv preprint arXiv:2205.01202},
  year={2022}
}
@inproceedings{arandjelovic2016netvlad,
  title={NetVLAD: CNN architecture for weakly supervised place recognition},
  author={Arandjelovic, Relja and Gronat, Petr and Torii, Akihiko and Pajdla, Tomas and Sivic, Josef},
  booktitle={Proceedings of the IEEE conference on computer vision and pattern recognition},
  pages={5297--5307},
  year={2016}
}
@inproceedings{rublee2011orb,
  title={ORB: An efficient alternative to SIFT or SURF},
  author={Rublee, Ethan and Rabaud, Vincent and Konolige, Kurt and Bradski, Gary},
  booktitle={2011 International conference on computer vision},
  pages={2564--2571},
  year={2011},
  organization={Ieee}
}
@inproceedings{sun2021robust,
  title={Robust and Long-term Monocular Teach and Repeat Navigation using a Single-experience Map},
  author={Sun, Li and Taher, Marwan and Wild, Christopher and Zhao, Cheng and Zhang, Yu and Majer, Filip and Yan, Zhi and Krajn{\'\i}k, Tom{\'a}{\v{s}} and Prescott, Tony and Duckett, Tom},
  booktitle={2021 IEEE/RSJ International Conference on Intelligent Robots and Systems (IROS)},
  pages={2635--2642},
  year={2021},
  organization={IEEE}
}

@article{gridseth2021keeping,
  title={Keeping an Eye on Things: Deep Learned Features for Long-Term Visual Localization},
  author={Gridseth, Mona and Barfoot, Timothy D},
  journal={IEEE Robotics and Automation Letters},
  volume={7},
  number={2},
  pages={1016--1023},
  year={2021},
  publisher={IEEE}
}
@article{revaud2019r2d2,
  title={R2d2: Reliable and repeatable detector and descriptor},
  author={Revaud, Jerome and De Souza, Cesar and Humenberger, Martin and Weinzaepfel, Philippe},
  journal={Advances in neural information processing systems},
  volume={32},
  year={2019}
}

@inproceedings{detone2018superpoint,
  title={Superpoint: Self-supervised interest point detection and description},
  author={DeTone, Daniel and Malisiewicz, Tomasz and Rabinovich, Andrew},
  booktitle={Proceedings of the IEEE conference on computer vision and pattern recognition workshops},
  pages={224--236},
  year={2018}
}

@article{yin2022bioslam,
  title={BioSLAM: A Bio-inspired Lifelong Memory System for General Place Recognition},
  author={Yin, Peng and Abuduweili, Abulikemu and Zhao, Shiqi and Liu, Changliu and Scherer, Sebastian},
  journal={IEEE Transactions on Robotics, Conditional Accepted},
  url={https://arxiv.org/abs/2208.14543},
  video={https://youtu.be/PPOmyz2UVIw},
  year={2022},
}

@inproceedings{paton2016bridging,
  title={Bridging the appearance gap: Multi-experience localization for long-term visual teach and repeat},
  author={Paton, Michael and MacTavish, Kirk and Warren, Michael and Barfoot, Timothy D},
  booktitle={2016 IEEE/RSJ International Conference on Intelligent Robots and Systems (IROS)},
  pages={1918--1925},
  year={2016},
  organization={IEEE}
}

@article{liuhercules,
  title={Hercules: An Autonomous Logistic Vehicle for Contact-less Goods Transportation During the COVID-19 Pandemic},
  author={Liu, Tianyu and Liao, Qinghai and Gan, Lu and Ma, Fulong and Cheng, Jie and Xie, Xupeng and Wang, Zhe and Chen, Yingbing and Zhu, Yilong and Zhang, Shuyang and others}
}

@article{paul2010vtr,
  author = {Furgale, Paul and Barfoot, Timothy D.},
  title = {Visual teach and repeat for long-range rover autonomy},
  journal = {Journal of Field Robotics},
  year = {2010},
  doi = {https://doi.org/10.1002/rob.20342}
}
@inproceedings{mcmanus2012visual,
  title={Visual teach and repeat using appearance-based lidar},
  author={McManus, Colin and Furgale, Paul and Stenning, Braden and Barfoot, Timothy D},
  booktitle={2012 IEEE International Conference on Robotics and Automation},
  pages={389--396},
  year={2012},
  organization={IEEE}
}

@inproceedings{sprunk2013lidar,
  title={Lidar-based teach-and-repeat of mobile robot trajectories},
  author={Sprunk, Christoph and Tipaldi, Gian Diego and Cherubini, Andrea and Burgard, Wolfram},
  booktitle={2013 IEEE/RSJ International Conference on Intelligent Robots and Systems},
  pages={3144--3149},
  year={2013},
  organization={IEEE}
}

@inproceedings{krajnik2018navigation,
  title={Navigation without localisation: reliable teach and repeat based on the convergence theorem},
  author={Krajn{\'\i}k, Tom{\'a}{\v{s}} and Majer, Filip and Halodov{\'a}, Lucie and Vintr, Tom{\'a}{\v{s}}},
  booktitle={2018 IEEE/RSJ International Conference on Intelligent Robots and Systems (IROS)},
  pages={1657--1664},
  year={2018},
  organization={IEEE}
}

@inproceedings{li1998robot,
  title={Robot navigation in outdoor environments by using GPS information and panoramic views},
  author={Li, Shigang and Hayashi, Akira},
  booktitle={Proceedings. 1998 IEEE/RSJ International Conference on Intelligent Robots and Systems. Innovations in Theory, Practice and Applications (Cat. No. 98CH36190)},
  volume={1},
  pages={570--575},
  year={1998},
  organization={IEEE}
}

@article{nitsche2020visual,
  title={Visual-inertial teach and repeat},
  author={Nitsche, Mat{\'\i}as and Pessacg, Facundo and Civera, Javier},
  journal={Robotics and Autonomous Systems},
  volume={131},
  pages={103577},
  year={2020},
  publisher={Elsevier}
}
@inproceedings{dall2021fast,
  title={Fast and robust bio-inspired teach and repeat navigation},
  author={Dallâ€™Osto, Dominic and Fischer, Tobias and Milford, Michael},
  booktitle={2021 IEEE/RSJ International Conference on Intelligent Robots and Systems (IROS)},
  pages={500--507},
  year={2021},
  organization={IEEE}
}

@article{bay2008speeded,
  title={Speeded-up robust features (SURF)},
  author={Bay, Herbert and Ess, Andreas and Tuytelaars, Tinne and Van Gool, Luc},
  journal={Computer vision and image understanding},
  volume={110},
  number={3},
  pages={346--359},
  year={2008},
  publisher={Elsevier}
}

